@phdthesis{Jeong2010diss,
  title = {Cosmology with High (z {$>$} 1) Redshift Galaxy Surveys},
  author = {Jeong, Donghui},
  year = {2010}
}
